% begin new









@article{agrawal1996fast,
  title={Fast Discovery of Association Rules.},
  author={Agrawal, Rakesh and Mannila, Heikki and Srikant, Ramakrishnan and Toivonen, Hannu and Verkamo, A Inkeri and others},
  journal={Advances in knowledge discovery and data mining},
  volume={12},
  number={1},
  pages={307--328},
  year={1996},
  publisher={AAAI/MIT Press Menlo Park, CA}
}

@book{agrawal1998automatic,
  title={Automatic subspace clustering of high dimensional data for data mining applications},
  author={Agrawal, Rakesh and Gehrke, Johannes and Gunopulos, Dimitrios and Raghavan, Prabhakar},
  volume={27},
  number={2},
  year={1998},
  publisher={ACM}
}

@incollection{leskovec2005realistic,
  title={Realistic, mathematically tractable graph generation and evolution, using kronecker multiplication},
  author={Leskovec, Jurij and Chakrabarti, Deepayan and Kleinberg, Jon and Faloutsos, Christos},
  booktitle={Knowledge Discovery in Databases: PKDD 2005},
  pages={133--145},
  year={2005},
  publisher={Springer}
}

@inproceedings{pei2005catching,
  title={Catching the best views of skyline: A semantic approach based on decisive subspaces},
  author={Pei, Jian and Jin, Wen and Ester, Martin and Tao, Yufei},
  booktitle={Proceedings of the 31st international conference on Very large data bases},
  pages={253--264},
  year={2005},
  organization={VLDB Endowment}
}

@inproceedings{sharifzadeh2006spatial,
  title={The spatial skyline queries},
  author={Sharifzadeh, Mehdi and Shahabi, Cyrus},
  booktitle={Proceedings of the 32nd international conference on Very large data bases},
  pages={751--762},
  year={2006},
  organization={VLDB Endowment}
}

@inproceedings{zou2010dynamic,
  title={Dynamic skyline queries in large graphs},
  author={Zou, Lei and Chen, Lei and {\"O}zsu, M Tamer and Zhao, Dongyan},
  booktitle={Database Systems for Advanced Applications},
  pages={62--78},
  year={2010},
  organization={Springer}
}

@inproceedings{borzsony2001skyline,
  title={The skyline operator},
  author={Borzsony, S and Kossmann, Donald and Stocker, Konrad},
  booktitle={Data Engineering, 2001. Proceedings. 17th International Conference on},
  pages={421--430},
  year={2001},
  organization={IEEE}
}

@inproceedings{tao2006subsky,
  title={Subsky: Efficient computation of skylines in subspaces},
  author={Tao, Yufei and Xiao, Xiaokui and Pei, Jian},
  booktitle={Data Engineering, 2006. ICDE'06. Proceedings of the 22nd International Conference on},
  pages={65--65},
  year={2006},
  organization={IEEE}
}

@inproceedings{yuan2005efficient,
  title={Efficient computation of the skyline cube},
  author={Yuan, Yidong and Lin, Xuemin and Liu, Qing and Wang, Wei and Yu, Jeffrey Xu and Zhang, Qing},
  booktitle={Proceedings of the 31st international conference on Very large data bases},
  pages={241--252},
  year={2005},
  organization={VLDB Endowment}
}

@inproceedings{tan2001efficient,
  title={Efficient progressive skyline computation},
  author={Tan, Kian-Lee and Eng, Pin-Kwang and Ooi, Beng Chin and others},
  booktitle={VLDB},
  volume={1},
  pages={301--310},
  year={2001}
}

@article{papadias2005progressive,
  title={Progressive skyline computation in database systems},
  author={Papadias, Dimitris and Tao, Yufei and Fu, Greg and Seeger, Bernhard},
  journal={ACM Transactions on Database Systems (TODS)},
  volume={30},
  number={1},
  pages={41--82},
  year={2005},
  publisher={ACM}
}

@article{kung1975finding,
  title={On finding the maxima of a set of vectors},
  author={Kung, Hsiang-Tsung and Luccio, Fabrizio and Preparata, Franco P},
  journal={Journal of the ACM (JACM)},
  volume={22},
  number={4},
  pages={469--476},
  year={1975},
  publisher={ACM}
}

@inproceedings{tao2006subsky,
  title={Subsky: Efficient computation of skylines in subspaces},
  author={Tao, Yufei and Xiao, Xiaokui and Pei, Jian},
  booktitle={Data Engineering, 2006. ICDE'06. Proceedings of the 22nd International Conference on},
  pages={65--65},
  year={2006},
  organization={IEEE}
}

@inproceedings{jin2007efficient,
  title={On efficient processing of subspace skyline queries on high dimensional data},
  author={Jin, Wen and Tung, A and Ester, Martin and Han, Jiawei},
  booktitle={Scientific and Statistical Database Management, 2007. SSBDM'07. 19th International Conference on},
  pages={12--12},
  year={2007},
  organization={IEEE}
}

@inproceedings{chomicki2003skyline,
  title={Skyline with presorting},
  author={Chomicki, Jan and Godfrey, Parke and Gryz, Jarek and Liang, Dongming},
  booktitle={ICDE},
  volume={3},
  pages={717--719},
  year={2003}
}

@book{beckmann1990r,
  title={The R*-tree: an efficient and robust access method for points and rectangles},
  author={Beckmann, Norbert and Kriegel, Hans-Peter and Schneider, Ralf and Seeger, Bernhard},
  volume={19},
  number={2},
  year={1990},
  publisher={ACM}
}

@inproceedings{kossmann2002shooting,
  title={Shooting stars in the sky: An online algorithm for skyline queries},
  author={Kossmann, Donald and Ramsak, Frank and Rost, Steffen},
  booktitle={Proceedings of the 28th international conference on Very Large Data Bases},
  pages={275--286},
  year={2002},
  organization={VLDB Endowment}
}

@inproceedings{papadias2003optimal,
  title={An optimal and progressive algorithm for skyline queries},
  author={Papadias, Dimitris and Tao, Yufei and Fu, Greg and Seeger, Bernhard},
  booktitle={Proceedings of the 2003 ACM SIGMOD international conference on Management of data},
  pages={467--478},
  year={2003},
  organization={ACM}
}

@inproceedings{chen2008dynamic,
  title={Dynamic skyline queries in metric spaces},
  author={Chen, Lei and Lian, Xiang},
  booktitle={Proceedings of the 11th international conference on Extending database technology: Advances in database technology},
  pages={333--343},
  year={2008},
  organization={ACM}
}

@inproceedings{deng2007multi,
  title={Multi-source skyline query processing in road networks},
  author={Deng, Ke and Zhou, Xiaofang and Shen, Heng Tao},
  booktitle={Data Engineering, 2007. ICDE 2007. IEEE 23rd International Conference on},
  pages={796--805},
  year={2007},
  organization={IEEE}
}

@inproceedings{fuhry2009efficient,
  title={Efficient skyline computation in metric space},
  author={Fuhry, David and Jin, Ruoming and Zhang, Donghui},
  booktitle={Proceedings of the 12th International Conference on Extending Database Technology: Advances in Database Technology},
  pages={1042--1051},
  year={2009},
  organization={ACM}
}

@inproceedings{dellis2007efficient,
  title={Efficient computation of reverse skyline queries},
  author={Dellis, Evangelos and Seeger, Bernhard},
  booktitle={Proceedings of the 33rd international conference on Very large data bases},
  pages={291--302},
  year={2007},
  organization={VLDB Endowment}
}

@article{lo2013distinguish,
  title={What distinguish one from its peers in social networks?},
  author={Lo, Yi-Chen and Li, Jhao-Yin and Yeh, Mi-Yen and Lin, Shou-De and Pei, Jian},
  journal={Data Mining and Knowledge Discovery},
  volume={27},
  number={3},
  pages={396--420},
  year={2013},
  publisher={Springer}
}